<record><leader>00000cas a22000007a 4500</leader><controlfield tag="001">15229726</controlfield><controlfield tag="008">870223d18751881gauwr ne      0    0eng d</controlfield><datafield ind1=" " ind2=" " tag="010"><subfield code="a">sn 87090016 </subfield></datafield><datafield ind1=" " ind2=" " tag="040"><subfield code="a">PPM</subfield><subfield code="b">eng</subfield><subfield code="c">PPM</subfield><subfield code="d">NLG</subfield><subfield code="d">MGN</subfield><subfield code="d">GUA</subfield><subfield code="d">OCLCQ</subfield><subfield code="d">OCLCF</subfield><subfield code="d">OCLCO</subfield></datafield><datafield ind1="1" ind2=" " tag="029"><subfield code="a">AU@</subfield><subfield code="b">000020451374</subfield></datafield><datafield ind1=" " ind2=" " tag="042"><subfield code="a">msc</subfield></datafield><datafield ind1=" " ind2=" " tag="043"><subfield code="a">n-us-ga</subfield></datafield><datafield ind1="0" ind2="0" tag="245"><subfield code="a">Brunswick advertiser.</subfield></datafield><datafield ind1=" " ind2=" " tag="260"><subfield code="a">Brunswick, Ga. :</subfield><subfield code="b">T.G. Stacy,</subfield><subfield code="c">[1875-1881]</subfield></datafield><datafield ind1=" " ind2=" " tag="300"><subfield code="a">v.</subfield></datafield><datafield ind1=" " ind2=" " tag="310"><subfield code="a">Weekly</subfield></datafield><datafield ind1="0" ind2=" " tag="362"><subfield code="a">Vol. 1, no. 5 (Apr. 21, 1875)-v. 6, no. 32 (Feb. 12, 1881).</subfield></datafield><datafield ind1=" " ind2=" " tag="515"><subfield code="a">Suspended publication Sept. 20-Nov. 30, 1876. Issues for Sept. 13 and Dec. 6, 1876 are numbered Vol. 2, no. 23 and v. 2, no. 24.</subfield></datafield><datafield ind1=" " ind2=" " tag="530"><subfield code="a">Also on microfilm: Athens, Ga. : University of Georgia Libraries.</subfield></datafield><datafield ind1=" " ind2=" " tag="580"><subfield code="a">Merged with: Brunswick appeal, to form: Brunswick advertiser and appeal.</subfield></datafield><datafield ind1=" " ind2="0" tag="651"><subfield code="a">Brunswick (Ga.)</subfield><subfield code="v">Newspapers.</subfield></datafield><datafield ind1=" " ind2="0" tag="651"><subfield code="a">Glynn County (Ga.)</subfield><subfield code="v">Newspapers.</subfield></datafield><datafield ind1=" " ind2="7" tag="655"><subfield code="a">Newspapers.</subfield><subfield code="2">fast</subfield><subfield code="0">(OCoLC)fst01423814</subfield></datafield><datafield ind1=" " ind2="7" tag="651"><subfield code="a">Georgia</subfield><subfield code="z">Brunswick.</subfield><subfield code="2">fast</subfield><subfield code="0">(OCoLC)fst01218163</subfield></datafield><datafield ind1=" " ind2="7" tag="651"><subfield code="a">Georgia</subfield><subfield code="z">Glynn County.</subfield><subfield code="2">fast</subfield><subfield code="0">(OCoLC)fst01214157</subfield></datafield><datafield ind1=" " ind2=" " tag="752"><subfield code="a">United States</subfield><subfield code="b">Georgia</subfield><subfield code="c">Glynn</subfield><subfield code="d">Brunswick.</subfield></datafield><datafield ind1="0" ind2="0" tag="780"><subfield code="t">Advertiser (Brunswick, Ga.)</subfield><subfield code="w">(DLC)sn 89053385</subfield><subfield code="w">(OCoLC)21624949</subfield></datafield><datafield ind1="1" ind2="7" tag="785"><subfield code="t">Brunswick appeal</subfield><subfield code="w">(DLC)sn 87090010</subfield><subfield code="w">(OCoLC)15229689</subfield></datafield><datafield ind1="1" ind2="7" tag="785"><subfield code="t">Brunswick advertiser and appeal</subfield><subfield code="w">(DLC)sn 87090017</subfield><subfield code="w">(OCoLC)15229732</subfield></datafield></record>